@book{latex-by-lamport
, author =      "Leslie Lamport"
, title =       "A Document Preparation System {Latex} User's Guide and Reference Manual"
, publisher =   "Addison-Wesley"
, year =        1986
}

@book{latex-companion
, author =      "Michel Goossens and Frank Mittelbach and Alexander Samarin"
, title =       "The {LaTeX} Companion"
, publisher =   "Addison-Wesley"
, year =        1994
}


@inproceedings{ravichandran2005randomized,
  title={Randomized algorithms and nlp: using locality sensitive hash function for high speed noun clustering},
  author={Ravichandran, Deepak and Pantel, Patrick and Hovy, Eduard},
  booktitle={Proceedings of the 43rd annual meeting on association for computational linguistics},
  pages={622--629},
  year={2005},
  organization={Association for Computational Linguistics}
},
@article{maio1996dynamic,
  title={Dynamic clustering of maps in autonomous agents},
  author={Maio, Dario and Maltoni, Davide and Rizzi, Stefano},
  journal={IEEE Transactions on Pattern Analysis and Machine Intelligence},
  volume={18},
  number={11},
  pages={1080--1091},
  year={1996},
  publisher={IEEE}
},
@article{soto2016machine,
  title={Machine learning meets visualization for extracting insights from text data},
  author={Soto, Axel J and Kiros, Ryan and Keselj, Vlado and Milios, Evangelos},
  journal={AI Matters},
  volume={2},
  number={2},
  pages={15--17},
  year={2016},
  publisher={ACM}
},
@article{corpet1988multiple,
  title={Multiple sequence alignment with hierarchical clustering},
  author={Corpet, Florence},
  journal={Nucleic acids research},
  volume={16},
  number={22},
  pages={10881--10890},
  year={1988},
  publisher={Oxford University Press}
},
@article{schaeffer2007graph,
  title={Graph clustering},
  author={Schaeffer, Satu Elisa},
  journal={Computer science review},
  volume={1},
  number={1},
  pages={27--64},
  year={2007},
  publisher={Elsevier}
},
@article{jain2010data,
  title={Data clustering: 50 years beyond K-means},
  author={Jain, Anil K},
  journal={Pattern recognition letters},
  volume={31},
  number={8},
  pages={651--666},
  year={2010},
  publisher={Elsevier}
},
@inproceedings{arthur2007k,
  title={k-means++: The advantages of careful seeding},
  author={Arthur, David and Vassilvitskii, Sergei},
  booktitle={Proceedings of the eighteenth annual ACM-SIAM symposium on Discrete algorithms},
  pages={1027--1035},
  year={2007},
  organization={Society for Industrial and Applied Mathematics}
}