@book{latex-by-lamport
, author =      "Leslie Lamport"
, title =       "A Document Preparation System {Latex} User's Guide and Reference Manual"
, publisher =   "Addison-Wesley"
, year =        1986
}

@book{latex-companion
, author =      "Michel Goossens and Frank Mittelbach and Alexander Samarin"
, title =       "The {LaTeX} Companion"
, publisher =   "Addison-Wesley"
, year =        1994
}


@inproceedings{ravichandran2005randomized,
  title={Randomized algorithms and nlp: using locality sensitive hash function for high speed noun clustering},
  author={Ravichandran, Deepak and Pantel, Patrick and Hovy, Eduard},
  booktitle={Proceedings of the 43rd annual meeting on association for computational linguistics},
  pages={622--629},
  year={2005},
  organization={Association for Computational Linguistics}
},
@article{maio1996dynamic,
  title={Dynamic clustering of maps in autonomous agents},
  author={Maio, Dario and Maltoni, Davide and Rizzi, Stefano},
  journal={IEEE Transactions on Pattern Analysis and Machine Intelligence},
  volume={18},
  number={11},
  pages={1080--1091},
  year={1996},
  publisher={IEEE}
},
@article{soto2016machine,
  title={Machine learning meets visualization for extracting insights from text data},
  author={Soto, Axel J and Kiros, Ryan and Keselj, Vlado and Milios, Evangelos},
  journal={AI Matters},
  volume={2},
  number={2},
  pages={15--17},
  year={2016},
  publisher={ACM}
},
@article{corpet1988multiple,
  title={Multiple sequence alignment with hierarchical clustering},
  author={Corpet, Florence},
  journal={Nucleic acids research},
  volume={16},
  number={22},
  pages={10881--10890},
  year={1988},
  publisher={Oxford University Press}
},
@article{schaeffer2007graph,
  title={Graph clustering},
  author={Schaeffer, Satu Elisa},
  journal={Computer science review},
  volume={1},
  number={1},
  pages={27--64},
  year={2007},
  publisher={Elsevier}
},
@article{jain2010data,
  title={Data clustering: 50 years beyond K-means},
  author={Jain, Anil K},
  journal={Pattern recognition letters},
  volume={31},
  number={8},
  pages={651--666},
  year={2010},
  publisher={Elsevier}
},
@inproceedings{arthur2007k,
  title={k-means++: The advantages of careful seeding},
  author={Arthur, David and Vassilvitskii, Sergei},
  booktitle={Proceedings of the eighteenth annual ACM-SIAM symposium on Discrete algorithms},
  pages={1027--1035},
  year={2007},
  organization={Society for Industrial and Applied Mathematics}
},
@article{bahmani2012scalable,
  title={Scalable k-means++},
  author={Bahmani, Bahman and Moseley, Benjamin and Vattani, Andrea and Kumar, Ravi and Vassilvitskii, Sergei},
  journal={Proceedings of the VLDB Endowment},
  volume={5},
  number={7},
  pages={622--633},
  year={2012},
  publisher={VLDB Endowment}
}

@inproceedings{mahajan2009planar,
  title={The planar k-means problem is NP-hard},
  author={Mahajan, Meena and Nimbhorkar, Prajakta and Varadarajan, Kasturi},
  booktitle={International Workshop on Algorithms and Computation},
  pages={274--285},
  year={2009},
  organization={Springer}
}
@ARTICLE{1056489, 
  author={S. Lloyd}, 
  journal={IEEE Transactions on Information Theory}, 
  title={Least squares quantization in PCM}, 
  year={1982}, 
  volume={28}, 
  number={2}, 
  pages={129-137}, 
  keywords={Least-squares approximation;PCM communication;Quantization (signal);Signal quantization}, 
  doi={10.1109/TIT.1982.1056489}, 
  ISSN={0018-9448}, 
  month={March}
}

@inproceedings{epasto2017ego,
  title={Ego-Splitting Framework: from Non-Overlapping to Overlapping Clusters},
  author={Epasto, Alessandro and Lattanzi, Silvio and Paes Leme, Renato},
  booktitle={Proceedings of the 23rd ACM SIGKDD International Conference on Knowledge Discovery and Data Mining},
  pages={145--154},
  year={2017},
  organization={ACM}
}

@inproceedings{schroff2015facenet,
  title={Facenet: A unified embedding for face recognition and clustering},
  author={Schroff, Florian and Kalenichenko, Dmitry and Philbin, James},
  booktitle={Proceedings of the IEEE conference on computer vision and pattern recognition},
  pages={815--823},
  year={2015}
}
@article{edgar2010search,
  title={Search and clustering orders of magnitude faster than BLAST},
  author={Edgar, Robert C},
  journal={Bioinformatics},
  volume={26},
  number={19},
  pages={2460--2461},
  year={2010},
  publisher={Oxford University Press}
},
@TECHREPORT{clusteringservey,
  title={Survey of clustering data mining techniques.},
  author={Pavel Berkhin},
  year={2002},
  institurion={Accrue Software, San Jose, CA}

},
@article{alsabti1997efficient,
  title={An efficient k-means clustering algorithm},
  author={Alsabti, Khaled and Ranka, Sanjay and Singh, Vineet},
  year={1997},
  journal={Electrical Engineering and Computer Science.},
  volume={43}
},
@misc{YaserKmeans,
  author = {Yaser Alkayale},
  title = {Kmeans},
  year = {2016},
  publisher = {GitHub},
  journal = {GitHub repository},
  published = {\url{https://github.com/charlespwd/project-title}},
  commit = {4f57d6a0e4c030202a07a60bc1bb1ed1544bf679}
},
@misc{spam,
  author = {George Forman},
  title = {Spambase Data Set},
  year = {1999},
  publisher = {UCI Machine Learning Repository},
  published = {\url{https://archive.ics.uci.edu/ml/datasets/spambase}},
},
@misc{cloud,
  author = {Philippe Collard },
  title = {Cloud Data Set},
  year = {1989},
  publisher = {UCI Machine Learning Repository},
  published = {\url{https://archive.ics.uci.edu/ml/datasets/Cloud}},
},
@article{kuhn1955hungarian,
  title={The Hungarian method for the assignment problem},
  author={Kuhn, Harold W},
  journal={Naval Research Logistics (NRL)},
  volume={2},
  number={1-2},
  pages={83--97},
  year={1955},
  publisher={Wiley Online Library}
}

